<record><leader>00000cas a22000007a 4500</leader><controlfield tag="001">18474747</controlfield><controlfield tag="008">880912d18921916mdudn ne      0    0eng d</controlfield><datafield ind1=" " ind2=" " tag="010"><subfield code="a">sn 88065713 </subfield></datafield><datafield ind1=" " ind2=" " tag="040"><subfield code="a">MFN</subfield><subfield code="b">eng</subfield><subfield code="c">MFN</subfield><subfield code="d">OCLCQ</subfield></datafield><datafield ind1=" " ind2=" " tag="042"><subfield code="a">msc</subfield></datafield><datafield ind1="0" ind2=" " tag="130"><subfield code="a">Evening times (Cumberland, Md.)</subfield></datafield><datafield ind1="1" ind2="0" tag="245"><subfield code="a">Evening times.</subfield></datafield><datafield ind1=" " ind2=" " tag="260"><subfield code="a">Cumberland, Md. :</subfield><subfield code="b">Jno. W. Avirett</subfield></datafield><datafield ind1=" " ind2=" " tag="300"><subfield code="a">v.</subfield></datafield><datafield ind1=" " ind2=" " tag="310"><subfield code="a">Daily (except Sun.)</subfield></datafield><datafield ind1="1" ind2=" " tag="362"><subfield code="a">Began in 1892?</subfield></datafield><datafield ind1="0" ind2=" " tag="362"><subfield code="a">-v. 52, no. 227 (Sept. 23, 1916).</subfield></datafield><datafield ind1=" " ind2=" " tag="580"><subfield code="a">Weekly eds.: Cumberland Alleganian (Cumberland, Md. : 1879), 1879-&lt;1894&gt;; Cumberland Alleganian (Cumberland, Md. : 1902), &lt;1902&gt;-1916.</subfield></datafield><datafield ind1=" " ind2=" " tag="580"><subfield code="a">Semiweekly ed.: Twice-a-week Cumberland Alleganian, &lt;1899-1900&gt;.</subfield></datafield><datafield ind1=" " ind2=" " tag="588"><subfield code="a">Description based on: Vol. 29, no. 284 (Dec. 2, 1892).</subfield></datafield><datafield ind1=" " ind2=" " tag="752"><subfield code="a">United States</subfield><subfield code="b">Maryland</subfield><subfield code="c">Allegany</subfield><subfield code="d">Cumberland.</subfield></datafield><datafield ind1="1" ind2=" " tag="775"><subfield code="t">Cumberland Alleganian (Cumberland, Md. : 1879)</subfield><subfield code="w">(DLC)sn 88065704</subfield></datafield><datafield ind1="1" ind2=" " tag="775"><subfield code="t">Cumberland Alleganian (Cumberland, Md. : 1902)</subfield><subfield code="w">(DLC)sn 90057213</subfield></datafield><datafield ind1="1" ind2=" " tag="775"><subfield code="t">Twice-a-week Cumberland Alleganian</subfield><subfield code="w">(DLC)sn 90057228</subfield></datafield><datafield ind1="0" ind2="0" tag="780"><subfield code="t">Cumberland daily times (Cumberland, Md. : 1884)</subfield><subfield code="w">(DLC)sn 84024594</subfield></datafield><datafield ind1="0" ind2="0" tag="785"><subfield code="t">Cumberland evening times</subfield><subfield code="w">(DLC)sn 83016637</subfield></datafield><datafield ind1="1" ind2=" " tag="029"><subfield code="a">AU@</subfield><subfield code="b">000025827040</subfield></datafield></record>